<?xml version="1.0" encoding="UTF-8"?>
<collection xmlns:xsi="http://www.w3.org/2001/XMLSchema-instance" xsi:schemaLocation="http://www.loc.gov/MARC21/slim http://www.loc.gov/standards/marcxml/schema/MARC21slim.xsd" xmlns="http://www.loc.gov/MARC21/slim">
<record>
  <leader>01459cam a2200301 a 4500</leader>
  <controlfield tag="001">3071186</controlfield>
  <controlfield tag="003">NNC</controlfield>
  <controlfield tag="005">20130426015354.0</controlfield>
  <controlfield tag="008">940810s1893    ua            000 0 arard</controlfield>
  <datafield tag="035" ind1=" " ind2=" ">
    <subfield code="a">(OCoLC)ocm30927725</subfield>
  </datafield>
  <datafield tag="035" ind1=" " ind2=" ">
    <subfield code="9">ATP4144CU</subfield>
  </datafield>
  <datafield tag="035" ind1=" " ind2=" ">
    <subfield code="a">(NNC)3071186</subfield>
  </datafield>
  <datafield tag="040" ind1=" " ind2=" ">
    <subfield code="a">AZU</subfield>
    <subfield code="c">AZU</subfield>
    <subfield code="d">OCL</subfield>
    <subfield code="d">ZCU</subfield>
  </datafield>
  <datafield tag="099" ind1=" " ind2=" ">
    <subfield code="a">893.7Ib56</subfield>
    <subfield code="a">T13</subfield>
  </datafield>
  <datafield tag="100" ind1="0" ind2=" ">
    <subfield code="a">Ibn Khaldūn,</subfield>
    <subfield code="d">1332-1406.</subfield>
  </datafield>
  <datafield tag="240" ind1="1" ind2="0">
    <subfield code="a">Kitāb al-ʻibar.</subfield>
    <subfield code="p">Muqaddimah</subfield>
  </datafield>
  <datafield tag="245" ind1="1" ind2="3">
    <subfield code="a">al-Muqaddimah :</subfield>
    <subfield code="b">al-juzʾ al-awwal min Kitāb al-ʻibar wa-dīwān al-mubtadaʾ wa-al-khabar fī ayyām al-ʻArab wa-al-ʻAjam wa-al-Barbar wa-man ʻāṣarahum min dhawī al-sulṭān al-akbar wa-huwa tārīkh waḥīd ʻaṣrihi al-ʻallāmah ʻAbd al-Raḥmān Ibn Khaldūn al-Maghribī /</subfield>
    <subfield code="c">li-Ibn Khaldūn. Wa-bi-hāmishihi Sirāj al-mulūk / li-Abī Bakr Muḥammad ibn Muḥammad ibn al-Walīd al-Fihrī al-Ṭurṭūshī al-Mālikī.</subfield>
  </datafield>
  <datafield tag="250" ind1=" " ind2=" ">
    <subfield code="a">al-Ṭabʻah 1.</subfield>
  </datafield>
  <datafield tag="260" ind1=" " ind2=" ">
    <subfield code="a">[Cairo] :</subfield>
    <subfield code="b">al-Maṭbaʻah al-Azharīyah al-Miṣrīyah,</subfield>
    <subfield code="c">1311 [1893 or 1894]</subfield>
  </datafield>
  <datafield tag="300" ind1=" " ind2=" ">
    <subfield code="a">8, 396 p. ;</subfield>
    <subfield code="c">28 cm.</subfield>
  </datafield>
  <datafield tag="650" ind1=" " ind2="0">
    <subfield code="a">World history</subfield>
    <subfield code="v">Early works to 1800.</subfield>
  </datafield>
  <datafield tag="650" ind1=" " ind2="0">
    <subfield code="a">Civilization</subfield>
    <subfield code="v">Early works to 1800.</subfield>
  </datafield>
  <datafield tag="650" ind1=" " ind2="0">
    <subfield code="a">Education of princes.</subfield>
  </datafield>
  <datafield tag="651" ind1=" " ind2="0">
    <subfield code="a">Islamic Empire</subfield>
    <subfield code="x">Kings and rulers</subfield>
    <subfield code="v">Early works to 1800.</subfield>
  </datafield>
  <datafield tag="650" ind1=" " ind2="0">
    <subfield code="a">Islam and politics.</subfield>
  </datafield>
  <datafield tag="700" ind1="1" ind2="2">
    <subfield code="a">Ṭurṭūrshī, Muḥammad ibn al-Walīd,</subfield>
    <subfield code="d">1059 or 1060-1126 or 1127.</subfield>
    <subfield code="t">Sirāj al-mulūk.</subfield>
  </datafield>
  <datafield tag="740" ind1="0" ind2="1">
    <subfield code="a">Sirāj al-mulūk.</subfield>
  </datafield>
  <datafield tag="955" ind1=" " ind2=" ">
    <subfield code="b">CU58870016</subfield>
    <subfield code="d">off,glx</subfield>
    <subfield code="e">893.7Ib56 T13</subfield>
  </datafield>
</record>
</collection>